@article{blumer1987occam,
  title={Occam's razor},
  author={Blumer, Anselm and Ehrenfeucht, Andrzej and Haussler, David and Warmuth, Manfred K},
  journal={Information processing letters},
  volume={24},
  number={6},
  pages={377--380},
  year={1987},
  publisher={Elsevier}
}

@book{hillstrom2018metoo,
  title={The\# MeToo Movement},
  author={Hillstrom, Laurie Collier},
  year={2018},
  publisher={ABC-CLIO}
}

@book{sklearn2021classif,
    title  = {Classifier comparison},
    author = {Scikit-Learn Developers},
    year = {2021},
    publisher = {$https://scikit-learn.org/stable/auto_examples/classification/plot_classifier_comparison.html$}
}

@book{speeddata,
    title  = {Speed Dating Data},
    author = {Fisman, Raymond and Iyengar, Sheena S and Kamenica, Emir and Simonson, Itamar},
    year = {2009},
    publisher = {$http://www.stat.columbia.edu/~gelman/arm/examples/speed.dating/$}
}

@article{shiota2010love,
  title={I love you butâ€¦: Cultural differences in complexity of emotional experience during interaction with a romantic partner},
  author={Shiota, Michelle N and Campos, Belinda and Gonzaga, Gian C and Keltner, Dacher and Peng, Kaiping},
  journal={Cognition and Emotion},
  volume={24},
  number={5},
  pages={786--799},
  year={2010},
  publisher={Taylor \& Francis}
}

@article{fisman2006gender,
  title={Gender differences in mate selection: Evidence from a speed dating experiment},
  author={Fisman, Raymond and Iyengar, Sheena S and Kamenica, Emir and Simonson, Itamar},
  journal={The Quarterly Journal of Economics},
  volume={121},
  number={2},
  pages={673--697},
  year={2006},
  publisher={MIT Press}
}